@book {noauthor2009Foundationsof,
	title = {Foundations of time frequency analysis},
	author = {Gröchenig, Karlheinz },
	series = {Applied and numerical harmonic analysis},
	address = {Boston ; Basel ; Berlin},
	publisher = {Birkhäuser},
	year = {2009},
	edition = {[Repr.]},
	isbn = {0-8176-4022-3},
	isbn = {3-7643-4022-3},
	language = {Englisch},
	keywords = {Signal processing. Mathematics},
	pages = {XV, 359  Seiten},
}
@book{mit,
Author = {Dorina Mitrea},
Title = {Distributions, Partial Differential Equations, and Harmonic Analysis (Universitext)},
Publisher = {Springer},
Year = {2013},
ISBN = {1461482070},
}

@book{9783540725336,
	Author = {Dirk Werner},
	Title = {Funktionalanalysis (Springer-Lehrbuch) (German Edition)},
	Publisher = {Springer},
	Year = {2008},
	ISBN = {3540725334},
}

}@ARTICLE{2016arXiv160804566S,
author = {{Sielemann Jakobsen}, Mads},
title = "{On a (no longer) new Segal algebra - a review of the Feichtinger algebra}",
journal = {arXiv e-prints},
keywords = {Mathematics - Functional Analysis},
year = "2016",
month = "Aug",
eid = {arXiv:1608.04566},
pages = {arXiv:1608.04566},
archivePrefix = {arXiv},
eprint = {1608.04566},
primaryClass = {math.FA},
adsurl = {https://ui.adsabs.harvard.edu/\#abs/2016arXiv160804566S},
adsnote = {Provided by the SAO/NASA Astrophysics Data System}
}

@Article{Feichtinger1981,
	author="Feichtinger, Hans G.",
	title="{On a new Segal algebra}",
	journal="Monatshefte f{\"u}r Mathematik",
	year="1981",
	month="Dec",
	day="01",
	volume="92",
	number="4",
	pages="269--289",
	abstract="By means of a certain kind of `atomic' representation a new Segal algebraS0(G) of continuous functions on an arbitrary locally compact abelian groupG is defined. From various characterizations ofS0(G), e. g. as smallest element within the family of all strongly character invariant Segal algebras, functorial properties of the symbolS0 are derived, which are similar to those of the spacel (G) of Schwartz-Bruhat functions, e. g. invariance under the Fourier transform, or compatibility with restrictions to closed subgroups. The corresponding properties of its Banach dualS'0(G) as well as some of their applications are to be given in a subsequent paper.",
	issn="1436-5081",
	doi="10.1007/BF01320058",
	url="https://doi.org/10.1007/BF01320058"
}

@Article{Feichtinger1979,
	author = "Feichtinger, Hans G.",
	title = "{Eine neue Segalalgebra mit Anwendungen in der harmonischen Analyse}",
	year = "1979",
	pages = "23--25",
	journal = "Internationale Arbeitstagung über Topologische Gruppen und Gruppenalgebren" 
}

@Conference{FeichtingerLondon2008,
	author ="Feichtinger, Hans G.",
	year = "2008",
	month = "Februar",
	day  = "14",
	title = "{Gabor Analysis and Gabor Multipliers with a Musical Signal Processing Perspective}",	
	booktitle = "{Centre for Digital Music,Queen Mary University London}",
	url = "http://c4dm.eecs.qmul.ac.uk/seminars/files/20081408-HansFeichtinger-slides.pdf"
	}
	
@article{benedek1961,
	author = "Benedek, A. and Panzone, R.",
	doi = "10.1215/S0012-7094-61-02828-9",
	fjournal = "Duke Mathematical Journal",
	journal = "Duke Math. J.",
	month = "09",
	number = "3",
	pages = "301--324",
	publisher = "Duke University Press",
	title = "The space ${L}^{p}$ , with mixed norm",
	url = "https://doi.org/10.1215/S0012-7094-61-02828-9",
	volume = "28",
	year = "1961"
}