@BOOK{Diestel1995,
	AUTHOR = {Diestel, Joe AND Jarchow, Hans AND Tonge, Andrew},
	YEAR = {1995},
	TITLE = {Absolutely Summing Operators},
	EDITION = {},
	ISBN = {978-0-521-43168-2},
	PUBLISHER = {Cambridge University Press},
	ADDRESS = {Cambridge},
}


@BOOK{Kadets1991,
	AUTHOR = {Kadets, Vladimir M. AND Kadets, Mikhail I.},
	YEAR = {1991},
	TITLE = {Rearrangements of Series in Banach Spaces},
	EDITION = {},
	ISBN = {978-0-821-84546-2},
	PUBLISHER = {American Mathematical Society},
	ADDRESS = {Providence, Rhode Island},
}

@BOOK{Kadets1997,
	AUTHOR = {Kadets, Vladimir M. AND Kadets, Mikhail I.},
	YEAR = {1997},
	TITLE = {Series in Banach Spaces - Conditional and Unconditional Convergence},
	EDITION = {},
	ISBN = {978-3-764-35401-5},
	PUBLISHER = {Springer Science},
	ADDRESS = {Berlin Heidelberg},
}

@BOOK{Diestel1984,
	AUTHOR = {Diestel, J.},
	YEAR = {1984},
	TITLE = {Sequences and Series in Banach Spaces },
	EDITION = {},
	ISBN = {978-0-387-90859-5},
	PUBLISHER = {Springer New York},
	ADDRESS = {Berlin-Heidelberg},
}

@BOOK{Hytoenen2016,
	AUTHOR = {Hytönen, Tuomas AND Neerven, Jan van AND Veraar, Mark AND Weis, Lutz},
	YEAR = {2016},
	TITLE = {Analysis in Banach Spaces - Volume I: Martingales and Littlewood-Paley Theory},
	EDITION = {},
	ISBN = {978-3-319-48519-5},
	PUBLISHER = {Springer International Publishing},
	ADDRESS = {Cham, Heidelberg, New York, Dordrecht, London},
}

@BOOK{Werner2011,
	AUTHOR = {Werner, Dirk},
	YEAR = {2011},
	TITLE = {Funktionalanalysis},
	EDITION = {},
	ISBN = {978-3-642-21016-7},
	PUBLISHER = {Springer Berlin Heidelberg},
	ADDRESS = {Wiesbaden},
}

@ARTICLE{DvoretzkyRogers1950,
	AUTHOR = {Dvoretzky, A. AND Rogers, CA.},
	YEAR = {1950},
	TITLE = {Absolute and Unconditional Convergence in Normed Linear Spaces},
	JOURNAL = {Proceedings of the National Academy of Sciences of the United States of America},
	VOLUME = {36},
	PAGES = {192-197},
}

@ARTICLE{Kadets1954,
	AUTHOR = {Kadets, M. I.},
	YEAR = {1954},
	TITLE = {{On conditional convergence of series in Lp spaces}},
	JOURNAL = {Uspekhi Matem. Nauk},
	VOLUME = {9},
	PAGES = {107-110},
}

@article{Banaszczyk1987,
	author = {Banaszczyk, Wojciech},
	journal = {Journal für die reine und angewandte Mathematik},
	keywords = {finite dimensional; normed space; Steinitz constant},
	pages = {218-220},
	title = {The Steinitz constant of the plane.},
	url = {http://eudml.org/doc/152891},
	volume = {373},
	year = {1987},
}

@article{Banaszczyk1990,
	author = {Banaszczyk, Wojciech},
	journal = {Journal für die reine und angewandte Mathematik},
	keywords = {Steinitz theorem on rearrangement of series; metrizable nuclear spaces; Steinitz lemma; nuclear norm},
	pages = {187-200},
	title = {The Steinitz theorem on rearrangement of series for nuclear spaces.},
	url = {http://eudml.org/doc/153193},
	volume = {403},
	year = {1990},
}

@Article{Fonf1972,
	Author = {V. P. {Fonf}},
	Title = {{Conditionally convergent series in a uniformly smooth Banach space}},
	FJournal = {{Mathematical Notes}},
	Journal = {{Math. Notes}},
	ISSN = {0001-4346; 1573-8876/e},
	Volume = {11},
	Pages = {129--132},
	Year = {1972},
	Publisher = {Springer US, New York, NY; Pleiades Publishing, New York, NY; MAIK ``Nauka/Interperiodica'', Moscow},
	Language = {English},
	MSC2010 = {46B15 40A05},
	Zbl = {0252.46029}
}

@article{Pecherski1989,
	doi = {10.1070/sm1989v063n01abeh003257},
	url = {https://doi.org/10.1070/sm1989v063n01abeh003257},
	year = 1989,
	month = {feb},
	publisher = {{IOP} Publishing},
	volume = {63},
	number = {1},
	pages = {23--33},
	author = {D. V. Pecherskii},
	title = {{Rearrangements of series in Banach spaces and arrangements of signs}},
	journal = {Mathematics of the {USSR}-Sbornik}
}
@article {Steiniz1913,
	author = {Ernst Steinitz},
	title = {Bedingt konvergente {Reihen} und konvexe {Systeme}},
	journal = "Journal für die reine und angewandte Mathematik",
	year = {1913},
	publisher = "De Gruyter",
	address = "Berlin, Boston",
	volume = "1913",
	number = "143",
	doi = "https://doi.org/10.1515/crll.1913.143.128",
	pages=      "128 - 176"
}

@article{Chobanyan1987,
	doi = {10.1070/sm1987v056n01abeh003023},
	url = {https://doi.org/10.1070/sm1987v056n01abeh003023},
	year = 1987,
	publisher = {{IOP} Publishing},
	volume = {56},
	number = {1},
	pages = {49--62},
	author = {S. A. Chobanyan},
	title = {Structure of the set of sums of a conditionally convergent series in a normed space},
	journal = {Mathematics of the {USSR}-Sbornik}
}

@book{Vakhania:1987,
	author        = "Vakhania, N N and Tarieladze, V I and Chobanyan, S A",
	title         = "{Probability distributions on Banach spaces}",
	publisher     = "Springer",
	address       = "Dordrecht",
	series        = "Mathematics and Its Application (Soviet Series)",
	year          = "1987",
	url           = "https://cds.cern.ch/record/1619751",
	doi           = "10.1007/978-94-009-3873-1",
}

@article{Szarek1976,
	affiliation = {Warszawa, Polska},
	author = {Szarek, S.},
	journal = {Studia Mathematica},
	language = {English},
	month = {0},
	number = {2},
	pages = {197-208},
	title = {{On the best constants in the Khinchin inequality}},
	volume = {58},
	year = {1976},
}

@article{Young1976,
	author = {Young, R. M. G.},
	title = {{On the Best Possible Constants in the Khintchine Inequality}},
	journal = {Journal of the London Mathematical Society},
	volume = {s2-14},
	number = {3},
	pages = {496-504},
	year = {1976},
	month = {12},
	issn = {0024-6107},
	doi = {10.1112/jlms/s2-14.3.496},
	url = {https://doi.org/10.1112/jlms/s2-14.3.496},
	eprint = {https://academic.oup.com/jlms/article-pdf/s2-14/3/496/9683563/s2-14-3-496.pdf},
}

@book{Albaic2006,
	author = {Albiac, Fernando and Kalton, Nigel},
	year = {2006},
	publisher = {Springer-Verlag New York},
	title = {Topics in Banach Space Theory},
	isbn = {978-0-387-28141-4},
	doi = {10.1007/0-387-28142-8}
}

@article{Hildebrandt1940,
	author = {Hildebrandt, T.H.},
	journal = {Bull. Amer. Math. Soc},
	language = {English},
	pages = {959-962},
	title = {On unconditional convergence in normed vector spaces},
	volume = {46},
	year = {1940},
	doi = {10.1090/S0002-9904-1940-07344-6 }
}

@article{Bauer1960,
	author = {Bauer, Heinz},
	journal = {Archiv der Mathematik},
	pages = {200-205},
	title = {{Minimalstellen von Funktionen und Extremalpunkte. II}},
	volume = {11},
	year = {1960},
	doi = {10.1007/BF01236933}
}

@article{Pietsch1980,
	author = {Pietsch, Albrecht},
	year = {1980},
	volume = {20},
	journal = {North-Holland Mathematical Library},
	pages = {ii -iv, 5 -451},
	publisher = {North-Holland Amsterdam-New York},
	title = {Operator ideals}
}

@article{Levy1905,
	author = {L\'evy, Paul},
	title = {Sur les s\'eries semi-convergentes},
	journal = {Nouvelles annales de math\'ematiques : journal des candidats aux \'ecoles polytechnique et normale},
	pages = {506--511},
	publisher = {Carilian-Goeury et Vor Dalmont},
	volume = {4e s{\'e}rie, 5},
	year = {1905},
	language = {fr},
	url = {www.numdam.org/item/NAM_1905_4_5__506_1/}
}

@article{Nikishin1973,
author = {Nikishin, E. M.},
title = {Rearrangements of series in Lp},
journal = {Mathematical notes of the Academy of Sciences of the USSR},
pages = {570--574},
volume = { 5},
year = {1973},
url = {https://doi.org/10.1007/BF01095771}
}

@article{Trojanski1967,
	author = {Trojanski, Stanimir},
	title = {Conditionally converging series and certain $F$-spaces},
	journal = {Teor. Funkts.–Funkts. Anal. Prilozh},
	pages = {102–107 },
	volume = { 5},
	year = {1967 }
}

@article{Ostrovskii1986,
	author = {Ostrovskii, M.I.},
	title = {Domains of conditionally convergents series in Banach spaces},
	journal = {Teor. Funkts.–Funkts. Anal. Prilozh},
	pages = {77-85},
	volume = { 46},
	year = {1967 }
}

@book{Chobanyan1989,
	author={Chobanyan, S. A.
	and Georgobiani, G. J.},
	title={A problem on rearrangements of summands in normed spaces and rademacher sums},
	booktitle={Probability Theory on Vector Spaces IV},
	year={1989},
	publisher={Springer Berlin Heidelberg},
	pages={33-46}
}

@article{Schur1920,
	author={Schur, J.},
	title={{Über lineare Transformationen in der Theorie der unendlichen Reihen}},
	journal ={J. Reine und angewandte Mathematik },
	year = {1920},
	volume = {156},
	pages = {79-111}
}


@article{Orlicz1930,
	author={Orlicz, W.},
	title={{Über unbedingte Konvergenz in Funktionenräumen}},
	journal ={Studia Math.},
	year = {1930},
	volume = {1},
	pages = {83-85}
}

@book{Grothendieck1956,
	title={Sur certaines classes de suites dans les espaces de banach et le theoreme de Dvoretzky-Rogers},
	author={Grothendieck, A.},
	year={1953/1956},
	journal={Bol. Soc. Mat. Sao Paulo},
	volumne = {8},
	pages = {129-173},
	publisher={\}
}

@book{Alt2012,
	title={Lineare Funktionalanalysis},
	author={Alt, Hans Wilhelm },
	year={2012},
	edition ={6},
	doi = {10.1007/978-3-642-22261-0},
	publisher={Springer-Verlag Berlin Heidelberg}
}

@book{Dobrowolski2010,
	title={Angewandte Funktionalanalysis},
	author={Dobrowolski, Manfred},
	year={2010},
	edition ={2},
	doi = {10.1007/978-3-642-15269-6},
	isbn = {978-3-642-15268-9},
	publisher={Springer-Verlag Berlin Heidelberg}
}


@article{Dvoretzky1947,
	author={Dvoretzky, A. and Hanani, H.},
	title={{Sur les changements des signs des termes d'une s\'erie \`{a} termes complexes}},
	journal ={C. R. Acad. Sci. Paris},
	year = {1947},
	volume = {235}
}